@book{groves2013aop,
  title={AOP in. NET},
  author={Groves, Matthew D},
  year={2013},
  publisher={Manning Publ.}
}

@book{hazzard2013metaprogramming,
  title={Metaprogramming in. NET},
  author={Hazzard, Kevin and Bock, Jason},
  year={2013},
  publisher={Manning Pub.}
}

@book{horstmann2008core,
  title={Core Java 2, Advanced Features, Vol. 2},
  author={Horstmann, Cay S and Cornell, Gary},
  year={2008},
  publisher={Prentice Hall}
  edition   = {8th edition}
}

@book{horstmann2004core,
  title={Core Java 2, Advanced Features, Vol. 2},
  author={Horstmann, Cay S and Cornell, Gary},
  year={20},
  publisher={Prentice Hall}
  edition   = {7th edition}
}

@book{kalinovsky2004covert,
  title={Covert Java: Techniques for Decompiling, Patching, and Reverse Engineering},
  author={Kalinovsky, Alex},
  year={2004},
  publisher={Pearson Higher Education}
}

@book{stark2001java,
  title={Java and the Java virtual machine},
  author={St{\"a}rk, Robert F and Schmid, Joachim and B{\"o}rger, Egon},
  year={2001},
  publisher={Springer Heidelberg}
}

@book{laddad2003aspectj,
title={{AspectJ in action: practical aspect-oriented programming}},
author={Laddad, R.},
year={2003},
publisher={Manning}
}

@book{jacobson2004aspect,
  title={Aspect-oriented software development with use cases (addison-wesley object technology series)},
  author={Jacobson, Ivar and Ng, Pan-Wei},
  year={2004},
  publisher={Addison-Wesley Professional}
}

@book{pressman2010engineering,
  title={{Software engineering: a practitionerâ€™s approac}},
  author={Pressman, R.S.},
  year={2010},
  publisher={McGraw Hill}
}

@book{beck2004extreme,
  title={Extreme programming explained: embrace change},
  author={Beck, Kent and Andres, Cynthia},
  year={2004},
  publisher={Addison-Wesley Professional}
}


@article{pothieraflexible,
  title={Flexible Metaprogramming and AOP in Java},
  author={Pothiera, {\'E}ric Tantera Rodolfo Toledoa Guillaume and Noy{\'e}b, Jacques},
  publisher={Citeseer}
}

@article{damavsevivcius2008taxonomy,
  title={Taxonomy of the fundamental concepts of metaprogramming},
  author={Dama{\v{s}}evi{\v{c}}ius, Robertas and {\v{S}}tuikys, Vytautas},
  journal={Information Technology and Control},
  volume={37},
  number={2},
  pages={124--132},
  year={2008},
  publisher={Citeseer}
}

@inproceedings{malenfant1996tutorial,
  title={A tutorial on behavioral reflection and its implementation},
  author={Malenfant, Jacques and Jacques, Marco and Demers, Fran{\c{c}}ois-Nicolas},
  booktitle={Proceedings of the Reflection},
  volume={96},
  pages={1--20},
  year={1996}
}

@misc{american1999task,
  title={Task Force on Metadata Summary Report},
  author={American Library Association and others},
  year={1999},
  publisher={June}
}


